@BOOK{book:Matveev2008,
author = "Матвеев, М. Г. and Свиридов, А. С. and Алейникова, Н. А.",
title = "Модели и методы искусственного интеллекта. Применение в экономике: учеб. пособие",
address = "М.",
publisher = "Финансы и статистика",
year = 2008,
numpages = 448,
language = "russian"
}

@MISC{web:makeingsimpleGA,
      AUTHOR = "80.250.188.26",
      TITLE = "Разработка простого генетического алгоритма",
      YEAR = 2007,
      NOTE = "\url{http://www.wikiznanie.ru/ru-wz/index.php/%D0%A0%D0%B0%D0%B7%D1%80%D0%B0%D0%B1%D0%BE%D1%82%D0%BA%D0%B0_%D0%BF%D1%80%D0%BE%D1%81%D1%82%D0%BE%D0%B3%D0%BE_%D0%B3%D0%B5%D0%BD%D0%B5%D1%82%D0%B8%D1%87%D0%B5%D1%81%D0%BA%D0%BE%D0%B3%D0%BE_%D0%B0%D0%BB%D0%B3%D0%BE%D1%80%D0%B8%D1%82%D0%BC%D0%B0}"
}

@MISC{web:GrayCode,
      TITLE = "Код Грея",
      NOTE = "\url{http://ru.wikipedia.org/wiki/%D0%9A%D0%BE%D0%B4_%D0%93%D1%80%D0%B5%D1%8F}"
}

@MISC{web:OptimalCoding,
      AUTHOR = "Савчук, В. Л.",
      TITLE = "Оптимальное кодирование",
      NOTE = "\url{http://www.ie.tusur.ru/books/COI/page_07.htm}"
}